@article{bro,
  title={Применение обучения с подкреплением для одновременного выбора модели алгоритма классификации и ее структурных параметров},
  author={Ефимова, Валерия Александровна and Фильченков, Андрей Александрович and Шалыто, Анатолий Абрамович},
  journal={Машинное обучение и анализ данных},
  volume={2},
  number={2},
  pages={244--254},
  year={2016},
  publisher={Федеральное государственное бюджетное учреждение науки Вычислительный центр~…}
}

@article{smbo,
  title={Sequential model-based optimization for general algorithm configuration (extended version)},
  author={Hutter, Frank and Hoos, Holger H and Leyton-Brown, Kevin}
}

@inproceedings{usesmbo,
  title={Initializing bayesian hyperparameter optimization via meta-learning},
  author={Feurer, Matthias and Springenberg, Jost Tobias and Hutter, Frank},
  booktitle={Twenty-Ninth AAAI Conference on Artificial Intelligence},
  year={2015}
}

@article{randomforest,
  title={Classification and regression by randomForest},
  author={Liaw, Andy and Wiener, Matthew and others},
  journal={R news},
  volume={2},
  number={3},
  pages={18--22},
  year={2002}
}

